@book{你不可不知的经济学,
   author      = {罗璇},
   title       = {《你不可不知的经济学》},
   year        = {2016},
   publisher   = {光明日报出版社},
}

@book{宋代货币与货币流通研究,
    author      = {高聪明},
    title       = {《宋代货币与货币流通研究》},
    year        = {2000},
    publisher   = {河北大学出版社}, 
}

@book{两宋货币史,
    author      = {汪胜铎},
    title       = {《两宋货币史》},
    year        = {2003},
    publisher   = {社会科学文献出版社}, 
}

@misc{霹雳炮,
    title       = {维基百科},
    howpublished = {\url{https://zh.wikipedia.org/wiki/霹雳炮}},
}

@misc{蒙古帝国,
    title       = {维基百科},
    howpublished = {\url{https://zh.wikipedia.org/wiki/蒙古帝国}},
}

@book{中国军事通览,
    author      = {何跃青},
    title       = {《中国军事通览》},
    year        = {2013},
    publisher   = {外文出版社}, 
}

@book{宋代外交史,
    author      = {陶晋生},
    title       = {《宋代外交史》},
    year        = {2020},
    publisher   = {聯經出版}, 
}

@book{图解东亚史,
    author      = {宫崎正勝},
    title       = {《图解东亚史》},
    year        = {2004},
    publisher   = {易博士}, 
}

@article{战时状态,
    author      = {张邦炜},
    title       = {"战时状态：南宋历史的大局"},
    journal     = {光明日报},
    year        = {2013},
}

@book{全球通史,
    author      = {L·S·斯塔夫里阿诺斯},
    title       = {《全球通史 从史前史到21世纪》},
    year        = {2006},
    publisher   = {北京大学出版社}, 
}

@book{宋代经济史,
    author      = {漆侠},
    title       = {《宋代经济史》},
    year        = {2009},
    publisher   = {中华书局}, 
}

@book{南宋一百五十年,
    author      = {丛亦冰;王刃},
    title       = {《南宋一百五十年》},
    year        = {2013},
    publisher   = {人民出版社}, 
}